% Encoding: UTF-8

% !!! Зверніть увагу, як заповнюється  джерела, в яких авторів більше ніж один !!! 
% !!! Кома після прізвища, а після ініціалів ключове слово "and" !!!

@book{golubtsov2023,
  author    = {Голубцов, О. and Сорокіна, Л. and Сплодитель, А.},
  title     = {Вплив війни росії проти України на стан українських ґрунтів. Результати аналізу},
  address   = {К.},
  publisher = {ГО <<Центр екологічних ініціатив <<Екодія>>},
  year      = {2023},
  numpages  = {32},
  language  = {ukrainian}
}

@article{ronneberger2015,
  author    = {Ronneberger, O. and Fischer, P. and Brox, T.},
  booktitle = {International Conference on Medical Image Computing and Computer-Assisted Intervention},
  journal   = {ArXiv},
  title     = {U-Net: Convolutional Networks for Biomedical Image Segmentation},
  volume    = {abs/1505.04597},
  year      = {2015}
}

@article{lin2016,
  author    = {Lin, T. and Dollár, P. and Girshick, R. and He, K. and Hariharan, B. and Belongie, S.},
  booktitle = {Computer Vision and Pattern Recognition},
  journal   = {2017 IEEE Conference on Computer Vision and Pattern Recognition (CVPR)},
  pages     = {936-944},
  title     = {Feature Pyramid Networks for Object Detection},
  year      = {2016}
}

@article{he2015,
  author    = {K., He and X. Zhang and S., Ren and J., Sun},
  booktitle = {Computer Vision and Pattern Recognition},
  journal   = {2016 IEEE Conference on Computer Vision and Pattern Recognition (CVPR)},
  pages     = {770-778},
  title     = {Deep Residual Learning for Image Recognition},
  year      = {2015}
}

@misc{iakubovskii2019,
  author       = {P., Iakubovskii},
  title        = {Segmentation Models Pytorch},
  year         = {2019},
  publisher    = {GitHub},
  journal      = {GitHub repository},
  howpublished = {\url{https://github.com/qubvel/segmentation_models.pytorch}}
}

@misc{falcon2019,
  author       = {W., Falcon},
  title        = {PyTorch Lightning Module},
  year         = {2019},
  publisher    = {GitHub},
  journal      = {GitHub repository},
  howpublished = {\url{https://github.com/Lightning-AI/lightning}}
}

@article{oshea2015,
  author    = {K. O'Shea and R., Nash},
  booktitle = {arXiv.org},
  journal   = {ArXiv},
  title     = {An Introduction to Convolutional Neural Networks},
  volume    = {abs/1511.08458},
  year      = {2015}
}

@article{zhang2021,
  title     = {Rethinking the dice loss for deep learning lesion segmentation in medical images},
  author    = {Y., Zhang and S., Liu and C., Li and J., Wang},
  journal   = {Journal of Shanghai Jiaotong University (Science)},
  volume    = {26},
  pages     = {93--102},
  year      = {2021},
  publisher = {Springer}
}

@article{mpp2022,
  author   = {Kruse, C. and Wittich, D. and Rottensteiner, F. and Heipke,  C.},
  title    = {Generating impact maps from bomb craters automatically detected in aerial wartime images using marked point processes},
  journal  = {ISPRS Open Journal of Photogrammetry and Remote Sensing},
  year     = {2022},
  number   = {100017},
  volume   = {5},
  pages    = {21},
  language = {english}
}

@article{clermont2019,
  author    = {Clermont, D. and Kruse, C. and Rottensteiner, F. and Heipke, C.},
  booktitle = {The International Archives of the Photogrammetry, Remote Sensing and Spatial Information Sciences},
  journal   = {The International Archives of the Photogrammetry, Remote Sensing and Spatial Information Sciences},
  title     = {Supervised detection of bomb craters in historical aerial images using convolutional neural networks},
  year      = {2019}
}

@article{liao2021,
  title     = {Real-Time Semantic Segmentation for Autonomous Driving Using Feature Pyramid Network and Fully Convolutional Network},
  author    = {Liao, Z. and Li, Y. and Wang, W. and Cao, Y. and Yu, X. and Zou, J.},
  journal   = {IEEE Transactions on Intelligent Transportation Systems},
  year      = {2021},
  publisher = {IEEE},
  doi       = {10.1109/TITS.2021.3065024},
  url       = {https://ieeexplore.ieee.org/document/9383536}
}

@article{mou2018,
  title   = {Learning to Segment Agricultural Crops with Synthetic RGB Data},
  author  = {Mou, L. and Ghamisi, P. and Zhu, X.},
  journal = {IEEE Geoscience and Remote Sensing Letters},
  year    = {2018},
  volume  = {15},
  number  = {3},
  pages   = {436--440},
  doi     = {10.1109/LGRS.2018.2797422},
  url     = {https://ieeexplore.ieee.org/document/8282487}
}

@article{chen2017,
  author     = {Chen, L. and
                Papandreou, G. and
                Schroff, F. and
                Hartwig, A.},
  title      = {Rethinking Atrous Convolution for Semantic Image Segmentation},
  journal    = {CoRR},
  volume     = {abs/1706.05587},
  year       = {2017},
  url        = {http://arxiv.org/abs/1706.05587},
  eprinttype = {arXiv},
  eprint     = {1706.05587}
}

@article{lin2017,
  author     = {Lin, T. and
                Goyal, P. and
                Girshick, R. and
                He, K. and
                Doll, P.},
  title      = {Focal Loss for Dense Object Detection},
  journal    = {CoRR},
  volume     = {abs/1708.02002},
  year       = {2017},
  url        = {http://arxiv.org/abs/1708.02002},
  eprinttype = {arXiv},
  eprint     = {1708.02002},
  timestamp  = {Mon, 13 Aug 2018 16:46:12 +0200}
}

@article{mikava2023,
  author  = {Mikava, P. and Drozd, S.},
  title   = {A method of detecting damage to the earth's surface as a consequence of military actions using satellite data},
  journal = {International Scientific Technical Journal <<Problems of Control and Informatics>>},
  year    = {2023},
  volume  = {68(6)},
  pages   = {83--93},
  doi     = {10.34229/1028-0979-2023-6-6}
}

@article{kussul2023,
  title   = {Assessing damage to agricultural fields from military actions in Ukraine: An integrated approach using statistical indicators and machine learning},
  journal = {International Journal of Applied Earth Observation and Geoinformation},
  volume  = {125},
  pages   = {103562},
  year    = {2023},
  issn    = {1569-8432},
  doi     = {10.1016/j.jag.2023.103562},
  url     = {https://www.sciencedirect.com/science/article/pii/S1569843223003862},
  author  = {Kussul, N. and Drozd, S. and Yailymova, H. and Shelestov, A. and Lemoine, G. and Deininger, K.}
}

@inproceedings{kussul20232,
  author    = {Kussul, N. and Drozd, S. and Skakun, S. and Duncan, E. and Becker-Reshef, I.},
  booktitle = {2023 13th International Conference on Dependable Systems, Services and Technologies (DESSERT)},
  title     = {Fusion of very high and moderate spatial resolution satellite data for detection and mapping of damages in agricultural fields},
  year      = {2023},
  pages     = {1-7},
  doi       = {10.1109/DESSERT61349.2023.10416533}
}

@misc{shelestov2023,
  author    = {Shelestov, A. and Drozd, S.and Mikava, P. and Barabash, I. and Yailymova, H.},
  doi       = {10.25673/101924},
  publisher = {Universitäts- und Landesbibliothek Sachsen-Anhalt},
  title     = {War Damage Detection Based on Satellite Data},
  url       = {https://opendata.uni-halle.de//handle/1981185920/103875},
  year      = {2023}
}

@article{deininger2023,
  title   = {Quantifying war-induced crop losses in Ukraine in near real time to strengthen local and global food security},
  journal = {Food Policy},
  volume  = {115},
  pages   = {102418},
  year    = {2023},
  issn    = {0306-9192},
  doi     = {https://doi.org/10.1016/j.foodpol.2023.102418},
  url     = {https://www.sciencedirect.com/science/article/pii/S0306919223000167},
  author  = {Deininger, K. and Ayalew Ali, D. and Kussul, N. and Shelestov, A. and Lemoine, G. and Yailimova, H.}
}
